@Book{rosssec,
  title={Security Engineering: A Guide to Building Dependable Distributed Systems},
  author={Anderson, R.},
  isbn={9780470068526},
  lccn={2008006392},
  year={2008},
  publisher={Wiley}
}
@Book{introbio,
  title={Introduction to Biometrics},
  author={Jain, Anil.K. and Ross, Arun.A. and Nandakumar, K.},
  isbn={9780387773261},
  lccn={2011942231},
  series={SpringerLink : B{\"u}cher},
  year={2011},
  pages={1--49},
  publisher={Springer}
}
@Book{m2mComm,
  title={M2M Communications: A Systems Approach},
  author={Boswarthick, D. and Elloumi, O. and Hersent, O.},
  isbn={9781119994756},
  lccn={2011044199},
  year={2012},
  publisher={Wiley}
}
@MISC{cpM2MIoT,
   author =       {Polsonetti, Chantal},
   title =        {Understand The Difference Between IoT and M2M},
   editor =       {ChemicalProcessing.com},
   month =        {April},
   year =         {2014},
   url = {http://www.chemicalprocessing.com/articles/2014/understand-the-difference-between-iot-and-m2m/},
   note =         {[Online; posted 24-April-2014]},
 }
@TechReport{auth:M2Mcom,
   author ={Ren, Wei and Yu, Linchen and Ma, Liangli and Ren, Yi},
   title ={{How to Authenticate a Device? Formal Authentication Models for M2M Communications Defending against Ghost Compromising Attack}},
   journal = {International Journal of Distributed Sensor Networks},
   year = {2013},
   volume = {2013},
   number = {Article ID 679450},
   pages = {9},
   url = {http://downloads.hindawi.com/journals/ijdsn/2013/679450.pdf},
}
@TechReport{auth:M2M,
   author ={He, Dinghua},
   title ={{Remote Authentication of Software Based on Machine's Fingerprint}},
   institution = {Wuhan Polytechnic, Department of Computer},
   year = 2012,
   isbn = {978-1-4673-2007-8},
   pages = {543 - 546},
}
@TechReport{sensor:acoustic,
   author =	{Das, Anupam and Borisov, Nikita and Caesar, Matthew},
   title =	{{Fingerprinting Smart Devices Through Embedded Acoustic Components}},
   institution = {University of Illinois at Urbana-Champaign},
   year = 2014,
   month = mar,
   number = {arXiv:1403.3366v1},
   url = {http://arxiv.org/pdf/1403.3366v1.pdf},
}
@Book{randallknight,
  title={Physics for Scientists and Engineers: a strategic approach : with modern physics},
  author={Knight, R.D.},
  isbn={9780321507808},
  edition={Second}
  year={2008},
  publisher={Prentice Hall}
}

@TechReport{sensors:allref,
  title=	{{Indoor Positioning using Sensor-fusion in Android Devices}},
  author=	{Rodriguez, Angel and Shala, Ubejd},
  institution={Kristianstad University, School of Health and Society, Department Computer Science},
  year = 2011,
  month = sep,
  url = {http://hkr.diva-portal.org/smash/get/diva2:475619/FULLTEXT02.pdf},
}

@TechReport{sensor:inertialNav,
  author =	 {Woodman, Oliver J.},
  title = 	 {{An introduction to inertial navigation}},
  year = 	 2007,
  month = 	 aug,
  url = 	 {http://www.cl.cam.ac.uk/techreports/UCAM-CL-TR-696.pdf},
  institution =  {University of Cambridge, Computer Laboratory},
  number = 	 {UCAM-CL-TR-696}
}

@article{sensor:micSpek,
  author    = {Hristo Bojinov and
               Yan Michalevsky and
               Gabi Nakibly and
               Dan Boneh},
  title     = {Mobile Device Identification via Sensor Fingerprinting},
  journal   = {CoRR},
  volume    = {abs/1408.1416},
  year      = 2014,
  url       = {http://arxiv.org/abs/1408.1416},
  timestamp = {Fri, 12 Sep 2014 12:44:21 +0200},
  biburl    = {http://dblp.uni-trier.de/rec/bib/journals/corr/BojinovMNB14},
  bibsource = {dblp computer science bibliography, http://dblp.org}
}

@TechReport{clockSkew,
  author =	{Fabian Lanze and 
             Andriy Panchenko and
             Benjamin Braatz and
             Andreas Zinnen},
  title = 	{{Clock Skew Based Remote Device Fingerprinting Demystified}},
  institution = {Interdisciplinary Centre for Security, Reliability and Trust, University of Luxembourg},
  isbn = {978-1-4673-0919-6},
  year = 2012,
  month = dec,
  url = {http://lorre.uni.lu/~andriy/papers/clock-skew-ntp-ieee-globecom2012.pdf}
}

@TechReport{auth:M2Mcom,
   author ={Ren, Wei and Yu, Linchen and Ma, Liangli and Ren, Yi},
   title ={{How to Authenticate a Device? Formal Authentication Models for M2M Communications Defending against Ghost Compromising Attack}},
   journal = {International Journal of Distributed Sensor Networks},
   year = {2013},
   volume = {2013},
   number = {Article ID 679450},
   pages = {9},
   url = {http://downloads.hindawi.com/journals/ijdsn/2013/679450.pdf},
}
@Article{rff:identWiFi,
  author =	{J.L. Padilla and
             P. Padilla and
             J.F. Valenzuela-Valdés and
             J. Ramírez and
             J.M. Górriz a},
  title = 	{{RF fingerprint measurements for the identification of devices in wireless communication networks based on feature reduction and subspace transformation}},
  journal = {Security and Privacy in Communications Networks and the Workshops},
  volume = {Third International Conference on},
  year = 2007,
  month = sep,
  pages = {331--340},
  isbn = {978-1-4244-0974-7}
}

@Article{rff:implicationsOfRFF,
  author =	{Kasper Bonne Rasmussen and
             Srdjan Capkun},
  title = 	{{Implications of Radio Fingerprinting on the Security of Sensor Networks}},
  journal = {Journal of the International Measurement Confederation},
  volume = 58,
  year = 2014,
  month = dec,
  pages = {468–-475},
  number = {doi:10.1016/j.measurement.2014.09.009},
  url = {http://www.sciencedirect.com/science/article/pii/S0263224114003893}
}

@TechReport{rff:passiveDLLwifi,
  author =	{J. Franklin and
             D. McCoy and
             P. Tabriz and
             V. Neagoe and
             J. Van Randwyk and
             D. Sicker},
  title = 	{{Passive Data Link Layer 802.11 Wireless Device Driver Fingerprinting}},
  institution = {Proceedings of USENIX Security},
  year = 2006,
  month = aug,
  url = {http://www.cs.gmu.edu/~mccoy/papers/wireless-fingerprinting.pdf}
}

@TechReport{rff:wifiDeviceSign,
  author =	{V. Brik and
             S. Banerjee and
             M. Gruteser and
             S. Oh},
  title = 	{{Wireless Device Identification with Radiometric Signatures}},
  institution = {MobiCom’08, San Francisco, California, USA},
  number = 	{ACM 978-1-60558-096-8/08/0},
  year = 2008,
  month = sep,
  url = {http://www.winlab.rutgers.edu/~gruteser/papers/brik_paradis.pdf}
}

@Article{sensor:camera:blind,
  author =	{Celiktutan, O and
             Sankur, B. and
             Avcibas, I.},
  title = 	{{Blind Identification of Source Cell-Phone Model}},
  journal = {IEEE Transactions on: Information Forensics and Security},
  volume = 3,
  year = 2008,
  month = aug,
  pages = {553–-566},
  issn = {1556-6013}
}

@TechReport{sensor:camera:DCIdent,
  author =	{Neil Jenkins},
  title = 	{{Digital Camera Identification}},
  institution = {Forensic Signal Analysis, University of Cambridge},
  year = 2009,
  month = nov,
  url = {https://www.cl.cam.ac.uk/teaching/0910/R08/work/essay-nmj27-cameraid.pdf}
}

@TechReport{sensor:camera:frPattNoise,
  author =	{Lukas, J. and
             Fridrich, J. and
             Goljan, M.},
  title = 	{{Digital camera identification from sensor pattern noise}},
  journal = {IEEE Transactions on: Information Forensics and Security},
  volume = 1,
  issue = 2,
  year = 2006,
  month = jun,
  pages = {205–-214},
  issn = {1556-6013}
}
@Article{sensor:DeviceOrientation:spec,
  author =	{S. Block and
             A. Popescu},
  title = 	{{DeviceOrientation Event Specification}},
  journal = {W3C Working Draft},
  year = 2011,
  month = dec,
  url = {http://www.w3.org/TR/orientation-event/}
}
https://developer.mozilla.org/en-US/docs/Web/API/DeviceMotionEvent/accelerationIncludingGravity
@Article{sensor:accIncludingGravity,
  author =	{Mozilla Contributors},
  title = 	{{DeviceMotionEvent.accelerationIncludingGravity}},
  journal = {W3C Working Draft},
  year = 2015,
  month = feb,
  url = {https://developer.mozilla.org/en-US/docs/Web/API/DeviceMotionEvent/accelerationIncludingGravity},
  note = {Accessed: 2015-02-24}
}
@TechReport{mall,
  author =	{},
  title = 	{{}},
  institution = {},
  number = 	{},
  year = ,
  month = ,
  url = {}
}

% === TO REMOVE!!!! ===
@Book{Khalil02NonlinearSystemsBook,
  author = {Khalil, Hassan K.},
  title = {Nonlinear systems},
  publisher = {Prentice Hall, Inc.},
  edition = {Third},
  year = {2002},
}

@article{Mori07Tables,
author = {Mori, Lapo Filippo},
title = {Tables in {\LaTeXe}: Packages and methods},
journal = {The {Prac\TeX} Journal},
year = {2007},
volume = {2007},
number = {1},
url = {http://tug.org/pracjourn/2007-1/mori},
}


@Article{Duck:2005,
  author =   {Duck, Donald},
  title =    {The History of Automatic Control},
  journal =  {Duckburg Journal of Science},
  year =     2005,
  volume =   106,
  number =   3,
  pages =    {345--401},
}

@Article{Doe:2008:random,
  author =   {Doe, John and Gauß, Carl Friedrich},
  title =    {Early work on random distributions},
  journal =  {Dückenburg Journal of Random Stuff},
  year =     2008,
  volume =   3,
  number =   14,
  pages =    {159--265},
}

@Article{Doe:2009:stats,
  author =   {Doe, John and the Dealer, Jonny},
  title =    {Some tragic numbers from cars deals in Uppsala},
  journal =  {Duckburg Journal of Commerce},
  year =     2009,
  volume =   3,
  number =   2,
  pages =    {1--3},
}

@Article{Doe:2009:thoughts,
  author =   {Doe, John},
  title =    {Some thoughts on cars and markets},
  journal =  {Duckburg Journal of Commerce},
  year =     2009,
  volume =   3,
  number =   1,
  pages =    {13--18},
}
